@misc{Vorgaben2020,
    author = {Heuermann, Christian},
    title = {{Projektvorgaben Softwareprojekt - Meine Idee Initiative}},
    urldate = {2020-05-20},
    year = {2020},
    keywords = {web}
}
